@BOOK{Gladun:PrakMech,
	author = {Гладун, А.Д.},
	title = {Лабораторный практикум по общей физике: Учебное пособие. В трех томах. Т. 1. Термодинамика и молекулярная физика},
	edition = {},
	publisher = {МФТИ},
	address = {Москва},
	year = {2012},
	pagenum = {316},
	language = {russian}
}
